<record><leader>00000cas a22000001a 4500</leader><controlfield tag="001">32403841</controlfield><controlfield tag="007">hd bfa013baaa</controlfield><controlfield tag="008">950502d17851788nyuwr nea     0    0eng c</controlfield><datafield ind1=" " ind2=" " tag="010"><subfield code="a">sn 94087573 </subfield></datafield><datafield ind1=" " ind2=" " tag="040"><subfield code="a">NN</subfield><subfield code="b">eng</subfield><subfield code="c">RQM</subfield><subfield code="d">OCL</subfield><subfield code="d">OCLCQ</subfield><subfield code="d">OCLCG</subfield><subfield code="d">OCLCQ</subfield><subfield code="d">OCLCF</subfield><subfield code="d">OCLCO</subfield></datafield><datafield ind1=" " ind2=" " tag="012"><subfield code="i">9505</subfield></datafield><datafield ind1="1" ind2=" " tag="029"><subfield code="a">AU@</subfield><subfield code="b">000011681356</subfield></datafield><datafield ind1=" " ind2=" " tag="042"><subfield code="a">pcc</subfield></datafield><datafield ind1=" " ind2=" " tag="043"><subfield code="a">n-us-ny</subfield></datafield><datafield ind1="0" ind2="4" tag="245"><subfield code="a">The Country journal, and the Poughkeepsie advertiser</subfield><subfield code="h">[microform].</subfield></datafield><datafield ind1="1" ind2="3" tag="246"><subfield code="a">Poughkeepsie advertiser</subfield></datafield><datafield ind1=" " ind2=" " tag="260"><subfield code="a">Poughkeepsie [N.Y.] :</subfield><subfield code="b">Printed by Nicholas Power,</subfield><subfield code="c">-1788.</subfield></datafield><datafield ind1=" " ind2=" " tag="300"><subfield code="a">v. ;</subfield><subfield code="c">42 cm.</subfield></datafield><datafield ind1=" " ind2=" " tag="310"><subfield code="a">Weekly</subfield></datafield><datafield ind1="1" ind2=" " tag="362"><subfield code="a">Began with Aug. 11, 1785 issue?</subfield><subfield code="z">Cf. Brigham, C.S. Amer. newspapers.</subfield></datafield><datafield ind1="0" ind2=" " tag="362"><subfield code="a">-no. 164 (Sept. 23, 1788).</subfield></datafield><datafield ind1="4" ind2=" " tag="510"><subfield code="a">Evans</subfield><subfield code="c">19589</subfield></datafield><datafield ind1="4" ind2=" " tag="510"><subfield code="a">Brigham, C.S. Amer. newspapers,</subfield><subfield code="c">p. 721</subfield></datafield><datafield ind1=" " ind2=" " tag="525"><subfield code="a">Supplement titled: Poughkeepsie advertiser.</subfield></datafield><datafield ind1=" " ind2=" " tag="588"><subfield code="a">Description based on: No. 6 (Sept. 15, 1785).</subfield></datafield><datafield ind1=" " ind2=" " tag="533"><subfield code="a">Microfilm.</subfield><subfield code="m">Aug. 8,1787-Sept. 23,1788. On film with related titles.</subfield><subfield code="b">New York :</subfield><subfield code="c">New York Public Library,</subfield><subfield code="d">[19--].</subfield><subfield code="e">1 microfilm reel ; 35 mm.</subfield></datafield><datafield ind1=" " ind2="0" tag="651"><subfield code="a">Poughkeepsie (N.Y.)</subfield><subfield code="v">Newspapers.</subfield></datafield><datafield ind1=" " ind2="0" tag="651"><subfield code="a">Dutchess County (N.Y.)</subfield><subfield code="v">Newspapers.</subfield></datafield><datafield ind1=" " ind2="7" tag="655"><subfield code="a">Newspapers.</subfield><subfield code="2">fast</subfield><subfield code="0">(OCoLC)fst01423814</subfield></datafield><datafield ind1=" " ind2="7" tag="651"><subfield code="a">New York (State)</subfield><subfield code="z">Dutchess County.</subfield><subfield code="2">fast</subfield><subfield code="0">(OCoLC)fst01207498</subfield></datafield><datafield ind1=" " ind2="7" tag="651"><subfield code="a">New York (State)</subfield><subfield code="z">Poughkeepsie.</subfield><subfield code="2">fast</subfield><subfield code="0">(OCoLC)fst01214704</subfield></datafield><datafield ind1="1" ind2=" " tag="700"><subfield code="a">Power, Nicholas,</subfield><subfield code="d">1758?-1811.</subfield></datafield><datafield ind1=" " ind2=" " tag="752"><subfield code="a">United States</subfield><subfield code="b">New York</subfield><subfield code="c">Dutchess</subfield><subfield code="d">Poughkeepsie.</subfield></datafield><datafield ind1="1" ind2=" " tag="776"><subfield code="c">Original</subfield><subfield code="w">(DLC)sn 83021121</subfield></datafield><datafield ind1="0" ind2="0" tag="785"><subfield code="t">Country journal, and Dutchess and Ulster County farmer's register</subfield><subfield code="w">(DLC)sn 94087574</subfield></datafield><datafield ind1=" " ind2=" " tag="850"><subfield code="a">NN</subfield><subfield code="a">NN (master)</subfield></datafield></record>